<?xml version="1.0" encoding="UTF-8"?><collection xmlns="http://www.loc.gov/MARC21/slim"><record><leader>00319nam--2200121-i-4500</leader><controlfield tag="001">000002156</controlfield><controlfield tag="002">20161230</controlfield><controlfield tag="005">20161230201024</controlfield><controlfield tag="008">060222s1000------------r-----000-0-eng-d</controlfield><datafield ind1=" " ind2=" " tag="100"><subfield code="a">Franke, H</subfield></datafield><datafield ind1=" " ind2=" " tag="245"><subfield code="a">Lexikon der physik. herausgegeben von</subfield></datafield><datafield ind1=" " ind2=" " tag="260"><subfield code="a">Sttugart, Franckh Sche Verlagshandlung, 1950. 1549 P</subfield></datafield><datafield ind1=" " ind2=" " tag="852"><subfield code="a">D.34</subfield></datafield></record></collection>